%YAML 1.1
%TAG !u! tag:unity3d.com,2011:
--- !u!1 &2704205129301819918
GameObject:
  m_ObjectHideFlags: 0
  m_CorrespondingSourceObject: {fileID: 0}
  m_PrefabInstance: {fileID: 0}
  m_PrefabAsset: {fileID: 0}
  serializedVersion: 6
  m_Component:
  - component: {fileID: 1001202692918120766}
  - component: {fileID: 7474424910425776023}
  m_Layer: 0
  m_Name: Z
  m_TagString: Untagged
  m_Icon: {fileID: 0}
  m_NavMeshLayer: 0
  m_StaticEditorFlags: 0
  m_IsActive: 1
--- !u!4 &1001202692918120766
Transform:
  m_ObjectHideFlags: 0
  m_CorrespondingSourceObject: {fileID: 0}
  m_PrefabInstance: {fileID: 0}
  m_PrefabAsset: {fileID: 0}
  m_GameObject: {fileID: 2704205129301819918}
  m_LocalRotation: {x: 0, y: 0, z: 0, w: 1}
  m_LocalPosition: {x: 0, y: 0, z: 0}
  m_LocalScale: {x: 1, y: 1, z: 1}
  m_Children:
  - {fileID: 8868335075024881598}
  - {fileID: 3319579935025903719}
  - {fileID: 3342805067979404110}
  - {fileID: 1893138073818065367}
  m_Father: {fileID: 0}
  m_RootOrder: 0
  m_LocalEulerAnglesHint: {x: 0, y: 0, z: 0}
--- !u!114 &7474424910425776023
MonoBehaviour:
  m_ObjectHideFlags: 0
  m_CorrespondingSourceObject: {fileID: 0}
  m_PrefabInstance: {fileID: 0}
  m_PrefabAsset: {fileID: 0}
  m_GameObject: {fileID: 2704205129301819918}
  m_Enabled: 1
  m_EditorHideFlags: 0
  m_Script: {fileID: 11500000, guid: a3e77ed734a951748820e3e05f296757, type: 3}
  m_Name: 
  m_EditorClassIdentifier: 
  active: 0
  type: Z
--- !u!1001 &4496865175129255076
PrefabInstance:
  m_ObjectHideFlags: 0
  serializedVersion: 2
  m_Modification:
    m_TransformParent: {fileID: 1001202692918120766}
    m_Modifications:
    - target: {fileID: -927199367670048503, guid: 5b601b1a6db222b4b9c1496596d4f62d,
        type: 3}
      propertyPath: m_Name
      value: block
      objectReference: {fileID: 0}
    - target: {fileID: -4216859302048453862, guid: 5b601b1a6db222b4b9c1496596d4f62d,
        type: 3}
      propertyPath: m_LocalPosition.x
      value: -0
      objectReference: {fileID: 0}
    - target: {fileID: -4216859302048453862, guid: 5b601b1a6db222b4b9c1496596d4f62d,
        type: 3}
      propertyPath: m_LocalPosition.y
      value: 0
      objectReference: {fileID: 0}
    - target: {fileID: -4216859302048453862, guid: 5b601b1a6db222b4b9c1496596d4f62d,
        type: 3}
      propertyPath: m_LocalPosition.z
      value: 0
      objectReference: {fileID: 0}
    - target: {fileID: -4216859302048453862, guid: 5b601b1a6db222b4b9c1496596d4f62d,
        type: 3}
      propertyPath: m_LocalRotation.x
      value: 0
      objectReference: {fileID: 0}
    - target: {fileID: -4216859302048453862, guid: 5b601b1a6db222b4b9c1496596d4f62d,
        type: 3}
      propertyPath: m_LocalRotation.y
      value: 0
      objectReference: {fileID: 0}
    - target: {fileID: -4216859302048453862, guid: 5b601b1a6db222b4b9c1496596d4f62d,
        type: 3}
      propertyPath: m_LocalRotation.z
      value: 0
      objectReference: {fileID: 0}
    - target: {fileID: -4216859302048453862, guid: 5b601b1a6db222b4b9c1496596d4f62d,
        type: 3}
      propertyPath: m_LocalRotation.w
      value: 1
      objectReference: {fileID: 0}
    - target: {fileID: -4216859302048453862, guid: 5b601b1a6db222b4b9c1496596d4f62d,
        type: 3}
      propertyPath: m_RootOrder
      value: 0
      objectReference: {fileID: 0}
    - target: {fileID: -4216859302048453862, guid: 5b601b1a6db222b4b9c1496596d4f62d,
        type: 3}
      propertyPath: m_LocalEulerAnglesHint.x
      value: 0
      objectReference: {fileID: 0}
    - target: {fileID: -4216859302048453862, guid: 5b601b1a6db222b4b9c1496596d4f62d,
        type: 3}
      propertyPath: m_LocalEulerAnglesHint.y
      value: 0
      objectReference: {fileID: 0}
    - target: {fileID: -4216859302048453862, guid: 5b601b1a6db222b4b9c1496596d4f62d,
        type: 3}
      propertyPath: m_LocalEulerAnglesHint.z
      value: 0
      objectReference: {fileID: 0}
    m_RemovedComponents: []
  m_SourcePrefab: {fileID: 100100000, guid: 5b601b1a6db222b4b9c1496596d4f62d, type: 3}
--- !u!4 &8868335075024881598 stripped
Transform:
  m_CorrespondingSourceObject: {fileID: -4216859302048453862, guid: 5b601b1a6db222b4b9c1496596d4f62d,
    type: 3}
  m_PrefabInstance: {fileID: 4496865175129255076}
  m_PrefabAsset: {fileID: 0}
--- !u!1001 &6863331637437448909
PrefabInstance:
  m_ObjectHideFlags: 0
  serializedVersion: 2
  m_Modification:
    m_TransformParent: {fileID: 1001202692918120766}
    m_Modifications:
    - target: {fileID: -927199367670048503, guid: 5b601b1a6db222b4b9c1496596d4f62d,
        type: 3}
      propertyPath: m_Name
      value: block (3)
      objectReference: {fileID: 0}
    - target: {fileID: -4216859302048453862, guid: 5b601b1a6db222b4b9c1496596d4f62d,
        type: 3}
      propertyPath: m_LocalPosition.x
      value: -1
      objectReference: {fileID: 0}
    - target: {fileID: -4216859302048453862, guid: 5b601b1a6db222b4b9c1496596d4f62d,
        type: 3}
      propertyPath: m_LocalPosition.y
      value: 1
      objectReference: {fileID: 0}
    - target: {fileID: -4216859302048453862, guid: 5b601b1a6db222b4b9c1496596d4f62d,
        type: 3}
      propertyPath: m_LocalPosition.z
      value: 0
      objectReference: {fileID: 0}
    - target: {fileID: -4216859302048453862, guid: 5b601b1a6db222b4b9c1496596d4f62d,
        type: 3}
      propertyPath: m_LocalRotation.x
      value: 0
      objectReference: {fileID: 0}
    - target: {fileID: -4216859302048453862, guid: 5b601b1a6db222b4b9c1496596d4f62d,
        type: 3}
      propertyPath: m_LocalRotation.y
      value: 0
      objectReference: {fileID: 0}
    - target: {fileID: -4216859302048453862, guid: 5b601b1a6db222b4b9c1496596d4f62d,
        type: 3}
      propertyPath: m_LocalRotation.z
      value: 0
      objectReference: {fileID: 0}
    - target: {fileID: -4216859302048453862, guid: 5b601b1a6db222b4b9c1496596d4f62d,
        type: 3}
      propertyPath: m_LocalRotation.w
      value: 1
      objectReference: {fileID: 0}
    - target: {fileID: -4216859302048453862, guid: 5b601b1a6db222b4b9c1496596d4f62d,
        type: 3}
      propertyPath: m_RootOrder
      value: 3
      objectReference: {fileID: 0}
    - target: {fileID: -4216859302048453862, guid: 5b601b1a6db222b4b9c1496596d4f62d,
        type: 3}
      propertyPath: m_LocalEulerAnglesHint.x
      value: 0
      objectReference: {fileID: 0}
    - target: {fileID: -4216859302048453862, guid: 5b601b1a6db222b4b9c1496596d4f62d,
        type: 3}
      propertyPath: m_LocalEulerAnglesHint.y
      value: 0
      objectReference: {fileID: 0}
    - target: {fileID: -4216859302048453862, guid: 5b601b1a6db222b4b9c1496596d4f62d,
        type: 3}
      propertyPath: m_LocalEulerAnglesHint.z
      value: 0
      objectReference: {fileID: 0}
    m_RemovedComponents: []
  m_SourcePrefab: {fileID: 100100000, guid: 5b601b1a6db222b4b9c1496596d4f62d, type: 3}
--- !u!4 &1893138073818065367 stripped
Transform:
  m_CorrespondingSourceObject: {fileID: -4216859302048453862, guid: 5b601b1a6db222b4b9c1496596d4f62d,
    type: 3}
  m_PrefabInstance: {fileID: 6863331637437448909}
  m_PrefabAsset: {fileID: 0}
--- !u!1001 &7718804384549705812
PrefabInstance:
  m_ObjectHideFlags: 0
  serializedVersion: 2
  m_Modification:
    m_TransformParent: {fileID: 1001202692918120766}
    m_Modifications:
    - target: {fileID: -927199367670048503, guid: 5b601b1a6db222b4b9c1496596d4f62d,
        type: 3}
      propertyPath: m_Name
      value: block (2)
      objectReference: {fileID: 0}
    - target: {fileID: -4216859302048453862, guid: 5b601b1a6db222b4b9c1496596d4f62d,
        type: 3}
      propertyPath: m_LocalPosition.x
      value: 0
      objectReference: {fileID: 0}
    - target: {fileID: -4216859302048453862, guid: 5b601b1a6db222b4b9c1496596d4f62d,
        type: 3}
      propertyPath: m_LocalPosition.y
      value: 1
      objectReference: {fileID: 0}
    - target: {fileID: -4216859302048453862, guid: 5b601b1a6db222b4b9c1496596d4f62d,
        type: 3}
      propertyPath: m_LocalPosition.z
      value: 0
      objectReference: {fileID: 0}
    - target: {fileID: -4216859302048453862, guid: 5b601b1a6db222b4b9c1496596d4f62d,
        type: 3}
      propertyPath: m_LocalRotation.x
      value: 0
      objectReference: {fileID: 0}
    - target: {fileID: -4216859302048453862, guid: 5b601b1a6db222b4b9c1496596d4f62d,
        type: 3}
      propertyPath: m_LocalRotation.y
      value: 0
      objectReference: {fileID: 0}
    - target: {fileID: -4216859302048453862, guid: 5b601b1a6db222b4b9c1496596d4f62d,
        type: 3}
      propertyPath: m_LocalRotation.z
      value: 0
      objectReference: {fileID: 0}
    - target: {fileID: -4216859302048453862, guid: 5b601b1a6db222b4b9c1496596d4f62d,
        type: 3}
      propertyPath: m_LocalRotation.w
      value: 1
      objectReference: {fileID: 0}
    - target: {fileID: -4216859302048453862, guid: 5b601b1a6db222b4b9c1496596d4f62d,
        type: 3}
      propertyPath: m_RootOrder
      value: 2
      objectReference: {fileID: 0}
    - target: {fileID: -4216859302048453862, guid: 5b601b1a6db222b4b9c1496596d4f62d,
        type: 3}
      propertyPath: m_LocalEulerAnglesHint.x
      value: 0
      objectReference: {fileID: 0}
    - target: {fileID: -4216859302048453862, guid: 5b601b1a6db222b4b9c1496596d4f62d,
        type: 3}
      propertyPath: m_LocalEulerAnglesHint.y
      value: 0
      objectReference: {fileID: 0}
    - target: {fileID: -4216859302048453862, guid: 5b601b1a6db222b4b9c1496596d4f62d,
        type: 3}
      propertyPath: m_LocalEulerAnglesHint.z
      value: 0
      objectReference: {fileID: 0}
    m_RemovedComponents: []
  m_SourcePrefab: {fileID: 100100000, guid: 5b601b1a6db222b4b9c1496596d4f62d, type: 3}
--- !u!4 &3342805067979404110 stripped
Transform:
  m_CorrespondingSourceObject: {fileID: -4216859302048453862, guid: 5b601b1a6db222b4b9c1496596d4f62d,
    type: 3}
  m_PrefabInstance: {fileID: 7718804384549705812}
  m_PrefabAsset: {fileID: 0}
--- !u!1001 &7740333790054191997
PrefabInstance:
  m_ObjectHideFlags: 0
  serializedVersion: 2
  m_Modification:
    m_TransformParent: {fileID: 1001202692918120766}
    m_Modifications:
    - target: {fileID: -927199367670048503, guid: 5b601b1a6db222b4b9c1496596d4f62d,
        type: 3}
      propertyPath: m_Name
      value: block (1)
      objectReference: {fileID: 0}
    - target: {fileID: -4216859302048453862, guid: 5b601b1a6db222b4b9c1496596d4f62d,
        type: 3}
      propertyPath: m_LocalPosition.x
      value: 1
      objectReference: {fileID: 0}
    - target: {fileID: -4216859302048453862, guid: 5b601b1a6db222b4b9c1496596d4f62d,
        type: 3}
      propertyPath: m_LocalPosition.y
      value: 0
      objectReference: {fileID: 0}
    - target: {fileID: -4216859302048453862, guid: 5b601b1a6db222b4b9c1496596d4f62d,
        type: 3}
      propertyPath: m_LocalPosition.z
      value: 0
      objectReference: {fileID: 0}
    - target: {fileID: -4216859302048453862, guid: 5b601b1a6db222b4b9c1496596d4f62d,
        type: 3}
      propertyPath: m_LocalRotation.x
      value: 0
      objectReference: {fileID: 0}
    - target: {fileID: -4216859302048453862, guid: 5b601b1a6db222b4b9c1496596d4f62d,
        type: 3}
      propertyPath: m_LocalRotation.y
      value: 0
      objectReference: {fileID: 0}
    - target: {fileID: -4216859302048453862, guid: 5b601b1a6db222b4b9c1496596d4f62d,
        type: 3}
      propertyPath: m_LocalRotation.z
      value: 0
      objectReference: {fileID: 0}
    - target: {fileID: -4216859302048453862, guid: 5b601b1a6db222b4b9c1496596d4f62d,
        type: 3}
      propertyPath: m_LocalRotation.w
      value: 1
      objectReference: {fileID: 0}
    - target: {fileID: -4216859302048453862, guid: 5b601b1a6db222b4b9c1496596d4f62d,
        type: 3}
      propertyPath: m_RootOrder
      value: 1
      objectReference: {fileID: 0}
    - target: {fileID: -4216859302048453862, guid: 5b601b1a6db222b4b9c1496596d4f62d,
        type: 3}
      propertyPath: m_LocalEulerAnglesHint.x
      value: 0
      objectReference: {fileID: 0}
    - target: {fileID: -4216859302048453862, guid: 5b601b1a6db222b4b9c1496596d4f62d,
        type: 3}
      propertyPath: m_LocalEulerAnglesHint.y
      value: 0
      objectReference: {fileID: 0}
    - target: {fileID: -4216859302048453862, guid: 5b601b1a6db222b4b9c1496596d4f62d,
        type: 3}
      propertyPath: m_LocalEulerAnglesHint.z
      value: 0
      objectReference: {fileID: 0}
    m_RemovedComponents: []
  m_SourcePrefab: {fileID: 100100000, guid: 5b601b1a6db222b4b9c1496596d4f62d, type: 3}
--- !u!4 &3319579935025903719 stripped
Transform:
  m_CorrespondingSourceObject: {fileID: -4216859302048453862, guid: 5b601b1a6db222b4b9c1496596d4f62d,
    type: 3}
  m_PrefabInstance: {fileID: 7740333790054191997}
  m_PrefabAsset: {fileID: 0}
